<record><leader>00000cas a2200000 a 4500</leader><controlfield tag="001">1466307</controlfield><controlfield tag="008">750722d19641977flucr ne      0    0eng c</controlfield><datafield ind1=" " ind2=" " tag="010"><subfield code="a">sn 96027129 </subfield></datafield><datafield ind1=" " ind2=" " tag="040"><subfield code="a">FUL</subfield><subfield code="b">eng</subfield><subfield code="c">FUL</subfield><subfield code="d">FUG</subfield><subfield code="d">OCLCQ</subfield><subfield code="d">OCLCF</subfield><subfield code="d">OCLCO</subfield></datafield><datafield ind1=" " ind2=" " tag="012"><subfield code="i">9602</subfield></datafield><datafield ind1="1" ind2=" " tag="029"><subfield code="a">AU@</subfield><subfield code="b">000025919084</subfield></datafield><datafield ind1=" " ind2=" " tag="042"><subfield code="a">pcc</subfield></datafield><datafield ind1=" " ind2=" " tag="043"><subfield code="a">n-us-fl</subfield></datafield><datafield ind1="0" ind2=" " tag="130"><subfield code="a">Gondolier (Venice, Fla.)</subfield></datafield><datafield ind1="1" ind2="4" tag="245"><subfield code="a">The gondolier.</subfield></datafield><datafield ind1=" " ind2=" " tag="260"><subfield code="a">Venice, Fla. :</subfield><subfield code="b">Edward D. Bell,</subfield><subfield code="c">1964-1977.</subfield></datafield><datafield ind1=" " ind2=" " tag="300"><subfield code="a">v.</subfield></datafield><datafield ind1=" " ind2=" " tag="310"><subfield code="a">Semiweekly</subfield></datafield><datafield ind1="0" ind2=" " tag="362"><subfield code="a">Vol. 20, no. 15 (Feb. 20, 1964)-v. 33, no. 45 (June 16, 1977).</subfield></datafield><datafield ind1=" " ind2=" " tag="530"><subfield code="a">Also issued on microfilm from the University of Florida.</subfield></datafield><datafield ind1=" " ind2="0" tag="651"><subfield code="a">Venice (Fla.)</subfield><subfield code="v">Newspapers.</subfield></datafield><datafield ind1=" " ind2="0" tag="651"><subfield code="a">Sarasota County (Fla.)</subfield><subfield code="v">Newspapers.</subfield></datafield><datafield ind1=" " ind2="7" tag="655"><subfield code="a">Newspapers.</subfield><subfield code="2">fast</subfield><subfield code="0">(OCoLC)fst01423814</subfield></datafield><datafield ind1=" " ind2="7" tag="651"><subfield code="a">Florida</subfield><subfield code="z">Sarasota County.</subfield><subfield code="2">fast</subfield><subfield code="0">(OCoLC)fst01214943</subfield></datafield><datafield ind1=" " ind2="7" tag="651"><subfield code="a">Florida</subfield><subfield code="z">Venice.</subfield><subfield code="2">fast</subfield><subfield code="0">(OCoLC)fst01215996</subfield></datafield><datafield ind1=" " ind2=" " tag="752"><subfield code="a">United States</subfield><subfield code="b">Florida</subfield><subfield code="c">Sarasota</subfield><subfield code="d">Venice.</subfield></datafield><datafield ind1="0" ind2=" " tag="775"><subfield code="t">South County news (Venice, Fla.)</subfield><subfield code="w">(DLC)sn 96027126</subfield><subfield code="w">(OCoLC)34178111</subfield></datafield><datafield ind1="1" ind2=" " tag="776"><subfield code="c">Microfilm</subfield><subfield code="d">George A. Smathers Libraries, University of Florida</subfield><subfield code="w">(DLC)sn 96027705</subfield><subfield code="w">(OCoLC)35571621</subfield></datafield><datafield ind1="0" ind2="0" tag="780"><subfield code="t">Venice gondolier (Venice, Fla. : 1946)</subfield><subfield code="w">(DLC)sn 96027128</subfield><subfield code="w">(OCoLC)1497811</subfield></datafield><datafield ind1="0" ind2="0" tag="785"><subfield code="t">Sun Coast gondolier</subfield><subfield code="w">(DLC)sn 96027127</subfield><subfield code="w">(OCoLC)34178112</subfield></datafield><datafield ind1=" " ind2=" " tag="850"><subfield code="a">FU</subfield></datafield></record>